% 12941411 
@Article{pmid12941411,
   Author="Hueffer, K.  and Parrish, C. R. ",
   Title="{{P}arvovirus host range, cell tropism and evolution}",
   Journal="Curr. Opin. Microbiol.",
   Year="2003",
   Volume="6",
   Number="4",
   Pages="392--398",
   Month="Aug"
}


% 5945715 
@Article{pmid5945715,
   Author="Crawford, L. V. ",
   Title="{{A} minute virus of mice}",
   Journal="Virology",
   Year="1966",
   Volume="29",
   Number="4",
   Pages="605--612",
   Month="Aug"
}

% 1244418 
@Article{pmid1244418,
   Author="Bonnard, G. D.  and Manders, E. K.  and Campbell, D. A.  and Herberman, R. B.  and Collins, M. J. ",
   Title="{{I}mmunosuppressive activity of a subline of the mouse {E}{L}-4 lymphoma. {E}vidence for minute virus of mice causing the inhibition}",
   Journal="J. Exp. Med.",
   Year="1976",
   Volume="143",
   Number="1",
   Pages="187--205",
   Month="Jan"
}

% 6457871 
@Article{pmid6457871,
   Author="Engers, H. D.  and Louis, J. A.  and Zubler, R. H.  and Hirt, B. ",
   Title="{{I}nhibition of {T} cell-mediated functions by {M}{V}{M}(i), a parvovirus closely related to minute virus of mice}",
   Journal="J. Immunol.",
   Year="1981",
   Volume="127",
   Number="6",
   Pages="2280--2285",
   Month="Dec"
}

% 6264106 
@Article{pmid6264106,
   Author="McMaster, G. K.  and Beard, P.  and Engers, H. D.  and Hirt, B. ",
   Title="{{C}haracterization of an immunosuppressive parvovirus related to the minute virus of mice}",
   Journal="J. Virol.",
   Year="1981",
   Volume="38",
   Number="1",
   Pages="317--326",
   Month="Apr"
}

% 11528091 
@Article{pmid11528091,
   Author="Baker, D. G. ",
   Title="{{F}uture {D}irections in {R}odent {P}athogen {C}ontrol}",
   Journal="ILAR J",
   Year="1998",
   Volume="39",
   Number="4",
   Pages="312--315"
}

% 3357208 
@Article{pmid3357208,
   Author="Gardiner, E. M.  and Tattersall, P. ",
   Title="{{E}vidence that developmentally regulated control of gene expression by a parvoviral allotropic determinant is particle mediated}",
   Journal="J. Virol.",
   Year="1988",
   Volume="62",
   Number="5",
   Pages="1713--1722",
   Month="May"
}

% 3392768 
@Article{pmid3392768,
   Author="Gardiner, E. M.  and Tattersall, P. ",
   Title="{{M}apping of the fibrotropic and lymphotropic host range determinants of the parvovirus minute virus of mice}",
   Journal="J. Virol.",
   Year="1988",
   Volume="62",
   Number="8",
   Pages="2605--2613",
   Month="Aug"
}

% 3257270 
@Article{pmid3257270,
   Author="Antonietti, J. P.  and Sahli, R.  and Beard, P.  and Hirt, B. ",
   Title="{{C}haracterization of the cell type-specific determinant in the genome of minute virus of mice}",
   Journal="J. Virol.",
   Year="1988",
   Volume="62",
   Number="2",
   Month="Feb"
}

% 9817841 
@Article{pmid9817841,
   Author="Agbandje-McKenna, M.  and Llamas-Saiz, A. L.  and Wang, F.  and Tattersall, P.  and Rossmann, M. G. ",
   Title="{{F}unctional implications of the structure of the murine parvovirus, minute virus of mice}",
   Journal="Structure",
   Year="1998",
   Volume="6",
   Number="11",
   Pages="1369--1381",
   Month="Nov"
}

% 8396664 
@Article{pmid8396664,
   Author="Bloom, M. E.  and Berry, B. D.  and Wei, W.  and Perryman, S.  and Wolfinbarger, J. B. ",
   Title="{{C}haracterization of chimeric full-length molecular clones of {A}leutian mink disease parvovirus ({A}{D}{V}): identification of a determinant governing replication of {A}{D}{V} in cell culture}",
   Journal="J. Virol.",
   Year="1993",
   Volume="67",
   Number="10",
   Pages="5976--5988",
   Month="Oct"
}

% 8642680 
@Article{pmid8642680,
   Author="Bergeron, J.  and Hebert, B.  and Tijssen, P. ",
   Title="{{G}enome organization of the {K}resse strain of porcine parvovirus: identification of the allotropic determinant and comparison with those of {N}{A}{D}{L}-2 and field isolates}",
   Journal="J. Virol.",
   Year="1996",
   Volume="70",
   Number="4",
   Pages="2508--2515",
   Month="Apr"
}

% 3176341 
@Article{pmid3176341,
   Author="Parrish, C. R.  and Aquadro, C. F.  and Carmichael, L. E. ",
   Title="{{C}anine host range and a specific epitope map along with variant sequences in the capsid protein gene of canine parvovirus and related feline, mink, and raccoon parvoviruses}",
   Journal="Virology",
   Year="1988",
   Volume="166",
   Number="2",
   Pages="293--307",
   Month="Oct"
}

% 1331498 
@Article{pmid1331498,
   Author="Chang, S. F.  and Sgro, J. Y.  and Parrish, C. R. ",
   Title="{{M}ultiple amino acids in the capsid structure of canine parvovirus coordinately determine the canine host range and specific antigenic and hemagglutination properties}",
   Journal="J. Virol.",
   Year="1992",
   Volume="66",
   Number="12",
   Pages="6858--6867",
   Month="Dec"
}


% 7513918 
@Article{pmid7513918,
   Author="Truyen, U.  and Agbandje, M.  and Parrish, C. R. ",
   Title="{{C}haracterization of the feline host range and a specific epitope of feline panleukopenia virus}",
   Journal="Virology",
   Year="1994",
   Volume="200",
   Number="2",
   Pages="494--503",
   Month="May"
}

% 15299974 
@Article{pmid15299974,
   Author="Llamas-Saiz, A. L.  and Agbandje-McKenna, M.  and Wikoff, W. R.  and Bratton, J.  and Tattersall, P.  and Rossmann, M. G. ",
   Title="{{S}tructure determination of minute virus of mice}",
   Journal="Acta Crystallogr. D Biol. Crystallogr.",
   Year="1997",
   Volume="53",
   Number="Pt 1",
   Pages="93--102",
   Month="Jan"
}

% 2673017 
@Article{pmid2673017,
   Author="Rossmann, M. G.  and Johnson, J. E. ",
   Title="{{I}cosahedral {R}{N}{A} virus structure}",
   Journal="Annu. Rev. Biochem.",
   Year="1989",
   Volume="58",
   Pages="533--573"
}

% 8503170 
@Article{pmid8503170,
   Author="Chapman, M. S.  and Rossmann, M. G. ",
   Title="{{S}tructure, sequence, and function correlations among parvoviruses}",
   Journal="Virology",
   Year="1993",
   Volume="194",
   Number="2",
   Pages="491--508",
   Month="Jun"
}

% 15299494 
@Article{pmid15299494,
   Author="Wu, H.  and Keller, W.  and Rossmann, M. G. ",
   Title="{{D}etermination and refinement of the canine parvovirus empty-capsid structure}",
   Journal="Acta Crystallogr. D Biol. Crystallogr.",
   Year="1993",
   Volume="49",
   Number="Pt 6",
   Pages="572--579",
   Month="Nov"
}

% 8969301 
@Article{pmid8969301,
   Author="Xie, Q.  and Chapman, M. S. ",
   Title="{{C}anine parvovirus capsid structure, analyzed at 2.9 {A} resolution}",
   Journal="J. Mol. Biol.",
   Year="1996",
   Volume="264",
   Number="3",
   Pages="497--520",
   Month="Dec"
}

% 7735832 
@Article{pmid7735832,
   Author="Chapman, M. S.  and Rossmann, M. G. ",
   Title="{{S}ingle-stranded {D}{N}{A}-protein interactions in canine parvovirus}",
   Journal="Structure",
   Year="1995",
   Volume="3",
   Number="2",
   Pages="151--162",
   Month="Feb"
}

% 1616694 
@Article{pmid1616694,
   Author="Tsao, J.  and Chapman, M. S.  and Wu, H.  and Agbandje, M.  and Keller, W.  and Rossmann, M. G. ",
   Title="{{S}tructure determination of monoclinic canine parvovirus}",
   Journal="Acta Crystallogr., B",
   Year="1992",
   Volume="48 ( Pt 1)",
   Pages="75--88",
   Month="Feb"
}

% 16242744 
@Article{pmid16242744,
   Author="Ros, C.  and Baltzer, C.  and Mani, B.  and Kempf, C. ",
   Title="{{P}arvovirus uncoating in vitro reveals a mechanism of {D}{N}{A} release without capsid disassembly and striking differences in encapsidated {D}{N}{A} stability}",
   Journal="Virology",
   Year="2006",
   Volume="345",
   Number="1",
   Pages="137--147",
   Month="Feb"
}

%25555192
@Article{pmid25555192,
  Author="Agbandje, M. and Parrish, C.R. and Rossmann, M.G. ",
  Title="{{T}he structure of parvoviruses}",
  Journal="Seminars in Virology",
  Year="1995",
  Volume="6",
  Number="5",
  Pages="299--309",
  Month=""
}   

% 8392729 
@Article{pmid8392729,
   Author="Agbandje, M.  and McKenna, R.  and Rossmann, M. G.  and Strassheim, M. L.  and Parrish, C. R. ",
   Title="{{S}tructure determination of feline panleukopenia virus empty particles}",
   Journal="Proteins",
   Year="1993",
   Volume="16",
   Number="2",
   Pages="155--171",
   Month="Jun"
}

% 11827486 
@Article{pmid11827486,
   Author="Simpson, A. A.  and Hebert, B.  and Sullivan, G. M.  and Parrish, C. R.  and Zadori, Z.  and Tijssen, P.  and Rossmann, M. G. ",
   Title="{{T}he structure of porcine parvovirus: comparison with related viruses}",
   Journal="J. Mol. Biol.",
   Year="2002",
   Volume="315",
   Number="5",
   Pages="1189--1198",
   Month="Feb"
}

% 2006420 
@Article{pmid2006420,
   Author="Tsao, J.  and Chapman, M. S.  and Agbandje, M.  and Keller, W.  and Smith, K.  and Wu, H.  and Luo, M.  and Smith, T. J.  and Rossmann, M. G.  and Compans, R. W. ",
   Title="{{T}he three-dimensional structure of canine parvovirus and its functional implications}",
   Journal="Science",
   Year="1991",
   Volume="251",
   Number="5000",
   Pages="1456--1464",
   Month="Mar"
}

% 14213660 
@Article{pmid14213660,
   Author="LITTLEFIELD, J. W. ",
   Title="{{T}{H}{R}{E}{E} {D}{E}{G}{R}{E}{E}{S} {O}{F} {G}{U}{A}{N}{Y}{L}{I}{C} {A}{C}{I}{D}--{I}{N}{O}{S}{I}{N}{I}{C} {A}{C}{I}{D} {P}{Y}{R}{O}{P}{H}{O}{S}{P}{H}{O}{R}{Y}{L}{A}{S}{E} {D}{E}{F}{I}{C}{I}{E}{N}{C}{Y} {I}{N} {M}{O}{U}{S}{E} {F}{I}{B}{R}{O}{B}{L}{A}{S}{T}{S}}",
   Journal="Nature",
   Year="1964",
   Volume="203",
   Pages="1142--1144",
   Month="Sep"
}

% 13911591 
@Article{pmid13911591,
   Author="SHEIN, H. M.  and ENDERS, J. F. ",
   Title="{{M}ultiplication and cytopathogenicity of {S}imian vacuolating virus 40 in cultures of human tissues}",
   Journal="Proc. Soc. Exp. Biol. Med.",
   Year="1962",
   Volume="109",
   Pages="495--500",
   Month="Mar"
}

% 6169844 
@Article{pmid6169844,
   Author="Harlow, E.  and Crawford, L. V.  and Pim, D. C.  and Williamson, N. M. ",
   Title="{{M}onoclonal antibodies specific for simian virus 40 tumor antigens}",
   Journal="J. Virol.",
   Year="1981",
   Volume="39",
   Number="3",
   Pages="861--869",
   Month="Sep"
}

% 11222696 
@Article{pmid11222696,
   Author="Lukashov, V. V.  and Goudsmit, J. ",
   Title="{{E}volutionary relationships among parvoviruses: virus-host coevolution among autonomous primate parvoviruses and links between adeno-associated and avian parvoviruses}",
   Journal="J. Virol.",
   Year="2001",
   Volume="75",
   Number="6",
   Pages="2729--2740",
   Month="Mar"
}

% icvt 
@Book{icvt,
   Author="King, A. M. Q.  and Adams, M. J. and Carstens, E. B. and Lefkowitz, E. J. ",
   Title="{{V}irus taxonomy: {N}inth report of the {I}nternational {C}ommittee on {T}axonomy of {V}iruses.}",
   Publisher="Elsevier Academic Press",
   Year="2012",
   Address="San Diego, CA",
}

% 10497831 
@Article{pmid10497831,
   Author="Tijssen, P. ",
   Title="{{M}olecular and structural basis of the evolution of parvovirus tropism}",
   Journal="Acta Vet. Hung.",
   Year="1999",
   Volume="47",
   Number="3",
   Pages="379--394"
}

% 13669314 
@Article{pmid13669314,
   Author="KILHAM, L.  and OLIVIER, L. J. ",
   Title="{{A} latent virus of rats isolated in tissue culture}",
   Journal="Virology",
   Year="1959",
   Volume="7",
   Number="4",
   Pages="428--437",
   Month="Apr"
}

% 5014934 
@Article{pmid5014934,
   Author="Berns, K. I.  and Adler, S. ",
   Title="{{S}eparation of two types of adeno-associated virus particles containing complementary polynucleotide chains}",
   Journal="J. Virol.",
   Year="1972",
   Volume="9",
   Number="2",
   Pages="394--396",
   Month="Feb"
}

% 5264145 
@Article{pmid5264145,
   Author="Rose, J. A.  and Berns, K. I.  and Hoggan, M. D.  and Koczot, F. J. ",
   Title="{{E}vidence for a single-stranded adenovirus-associated virus genome: formation of a {D}{N}{A} density hybrid on release of viral {D}{N}{A}}",
   Journal="Proc. Natl. Acad. Sci. U.S.A.",
   Year="1969",
   Volume="64",
   Number="3",
   Pages="863--869",
   Month="Nov"
}

% 4318977 
@Article{pmid4318977,
   Author="Atchison, R. W. ",
   Title="{{T}he role of herpesviruses in adenovirus-associated virus replication in vitro}",
   Journal="Virology",
   Year="1970",
   Volume="42",
   Number="1",
   Pages="155--162",
   Month="Sep"
}

% 6270377 
@Article{pmid6270377,
   Author="Buller, R. M.  and Janik, J. E.  and Sebring, E. D.  and Rose, J. A. ",
   Title="{{H}erpes simplex virus types 1 and 2 completely help adenovirus-associated virus replication}",
   Journal="J. Virol.",
   Year="1981",
   Volume="40",
   Number="1",
   Pages="241--247",
   Month="Oct"
}

% 5227666 
@Article{pmid5227666,
   Author="Hoggan, M. D.  and Blacklow, N. R.  and Rowe, W. P. ",
   Title="{{S}tudies of small {D}{N}{A} viruses found in various adenovirus preparations: physical, biological, and immunological characteristics}",
   Journal="Proc. Natl. Acad. Sci. U.S.A.",
   Year="1966",
   Volume="55",
   Number="6",
   Pages="1467--1474",
   Month="Jun"
}

% 6246271 
@Article{pmid6246271,
   Author="Lusby, E.  and Fife, K. H.  and Berns, K. I. ",
   Title="{{N}ucleotide sequence of the inverted terminal repetition in adeno-associated virus {D}{N}{A}}",
   Journal="J. Virol.",
   Year="1980",
   Volume="34",
   Number="2",
   Pages="402--409",
   Month="May"
}

% 6253077 
@Article{pmid6253077,
   Author="Green, M. R.  and Roeder, R. G. ",
   Title="{{D}efinition of a novel promoter for the major adenovirus-associated virus m{R}{N}{A}}",
   Journal="Cell",
   Year="1980",
   Volume="22",
   Number="1 Pt 1",
   Pages="231--242",
   Month="Nov"
}


% 6281463 
@Article{pmid6281463,
   Author="Lusby, E. W.  and Berns, K. I. ",
   Title="{{M}apping of the 5' termini of two adeno-associated virus 2 {R}{N}{A}s in the left half of the genome}",
   Journal="J. Virol.",
   Year="1982",
   Volume="41",
   Number="2",
   Pages="518--526",
   Month="Feb"
}

% 2156265 
@Article{pmid2156265,
   Author="Kotin, R. M.  and Siniscalco, M.  and Samulski, R. J.  and Zhu, X. D.  and Hunter, L.  and Laughlin, C. A.  and McLaughlin, S.  and Muzyczka, N.  and Rocchi, M.  and Berns, K. I. ",
   Title="{{S}ite-specific integration by adeno-associated virus}",
   Journal="Proc. Natl. Acad. Sci. U.S.A.",
   Year="1990",
   Volume="87",
   Number="6",
   Pages="2211--2215",
   Month="Mar"
}

% 1653762 
@Article{pmid1653762,
   Author="Kotin, R. M.  and Menninger, J. C.  and Ward, D. C.  and Berns, K. I. ",
   Title="{{M}apping and direct visualization of a region-specific viral {D}{N}{A} integration site on chromosome 19q13-qter}",
   Journal="Genomics",
   Year="1991",
   Volume="10",
   Number="3",
   Pages="831--834",
   Month="Jul"
}

% 1334463 
@Article{pmid1334463,
   Author="Kotin, R. M.  and Linden, R. M.  and Berns, K. I. ",
   Title="{{C}haracterization of a preferred site on human chromosome 19q for integration of adeno-associated virus {D}{N}{A} by non-homologous recombination}",
   Journal="EMBO J.",
   Year="1992",
   Volume="11",
   Number="13",
   Pages="5071--5078",
   Month="Dec"
}

% 1657596 
@Article{pmid1657596,
   Author="Samulski, R. J.  and Zhu, X.  and Xiao, X.  and Brook, J. D.  and Housman, D. E.  and Epstein, N.  and Hunter, L. A. ",
   Title="{{T}argeted integration of adeno-associated virus ({A}{A}{V}) into human chromosome 19}",
   Journal="EMBO J.",
   Year="1991",
   Volume="10",
   Number="12",
   Pages="3941--3950",
   Month="Dec"
}

@Book{parvoviruses,
   Author="Kerr, J. R. and Bloom, M. E. and Cotmore, S. and Linden, R. M. and Parrish, C. R.",
   Title="{{P}arvoviruses}",
   Publisher="Hodder Arnold",
   Year="2005",
   Address="London, UK",
}

% 5902774 
@Article{pmid5902774,
   Author="Brailovsky, C. ",
   Title="{[{R}esearch on the rat {K} virus ({P}arvovirus ratti). {I}. {A} method of titration by plaques and its application to the study of the multiplication cycle of the virus]}",
   Journal="Ann Inst Pasteur (Paris)",
   Year="1966",
   Volume="110",
   Number="1",
   Pages="49--59",
   Month="Jan"
}

% 2408228 
@Article{pmid2408228,
   Author="Deiss, V.  and Tratschin, J. D.  and Weitz, M.  and Siegl, G. ",
   Title="{{C}loning of the human parvovirus {B}19 genome and structural analysis of its palindromic termini}",
   Journal="Virology",
   Year="1990",
   Volume="175",
   Number="1",
   Pages="247--254",
   Month="Mar"
}

% 3824910 
@Article{pmid3824910,
   Author="Doerig, C.  and Beard, P.  and Hirt, B. ",
   Title="{{A} transcriptional promoter of the human parvovirus {B}19 active in vitro and in vivo}",
   Journal="Virology",
   Year="1987",
   Volume="157",
   Number="2",
   Pages="539--542",
   Month="Apr"
}

% 3599180 
@Article{pmid3599180,
   Author="Ozawa, K.  and Ayub, J.  and Hao, Y. S.  and Kurtzman, G.  and Shimada, T.  and Young, N. ",
   Title="{{N}ovel transcription map for the {B}19 (human) pathogenic parvovirus}",
   Journal="J. Virol.",
   Year="1987",
   Volume="61",
   Number="8",
   Pages="2395--2406",
   Month="Aug"
}

% 12097253 
@Article{pmid12097253,
   Author="Heegaard, E. D.  and Brown, K. E. ",
   Title="{{H}uman parvovirus {B}19}",
   Journal="Clin. Microbiol. Rev.",
   Year="2002",
   Volume="15",
   Number="3",
   Pages="485--505",
   Month="Jul"
}

% 6828378 
@Article{pmid6828378,
   Author="Pintel, D.  and Dadachanji, D.  and Astell, C. R.  and Ward, D. C. ",
   Title="{{T}he genome of minute virus of mice, an autonomous parvovirus, encodes two overlapping transcription units}",
   Journal="Nucleic Acids Res.",
   Year="1983",
   Volume="11",
   Number="4",
   Pages="1019--1038",
   Month="Feb"
}

% 6298737 
@Article{pmid6298737,
   Author="Astell, C. R.  and Thomson, M.  and Merchlinsky, M.  and Ward, D. C. ",
   Title="{{T}he complete {D}{N}{A} sequence of minute virus of mice, an autonomous parvovirus}",
   Journal="Nucleic Acids Res.",
   Year="1983",
   Volume="11",
   Number="4",
   Pages="999--1018",
   Month="Feb"
}

% 6694260 
@Article{pmid6694260,
   Author="Bates, R. C.  and Snyder, C. E.  and Banerjee, P. T.  and Mitra, S. ",
   Title="{{A}utonomous parvovirus {L}u{I}{I}{I} encapsidates equal amounts of plus and minus {D}{N}{A} strands}",
   Journal="J. Virol.",
   Year="1984",
   Volume="49",
   Number="2",
   Pages="319--324",
   Month="Feb"
}

% 22000359 
@Article{pmid22000359,
   Author="Li, L.  and Pesavento, P. A.  and Woods, L.  and Clifford, D. L.  and Luff, J.  and Wang, C.  and Delwart, E. ",
   Title="{{N}ovel amdovirus in gray foxes}",
   Journal="Emerging Infect. Dis.",
   Year="2011",
   Volume="17",
   Number="10",
   Pages="1876--1878",
   Month="Oct"
}

% 2843669 
@Article{pmid2843669,
   Author="Alexandersen, S.  and Bloom, M. E.  and Perryman, S. ",
   Title="{{D}etailed transcription map of {A}leutian mink disease parvovirus}",
   Journal="J. Virol.",
   Year="1988",
   Volume="62",
   Number="10",
   Pages="3684--3694",
   Month="Oct"
}

% 6252342 
@Article{pmid6252342,
   Author="Bloom, M. E.  and Race, R. E.  and Wolfinbarger, J. B. ",
   Title="{{C}haracterization of {A}leutian disease virus as a parvovirus}",
   Journal="J. Virol.",
   Year="1980",
   Volume="35",
   Number="3",
   Pages="836--843",
   Month="Sep"
}

% 10400786 
@Article{pmid10400786,
   Author="McKenna, R.  and Olson, N. H.  and Chipman, P. R.  and Baker, T. S.  and Booth, T. F.  and Christensen, J.  and Aasted, B.  and Fox, J. M.  and Bloom, M. E.  and Wolfinbarger, J. B.  and Agbandje-McKenna, M. ",
   Title="{{T}hree-dimensional structure of {A}leutian mink disease parvovirus: implications for disease pathogenicity}",
   Journal="J. Virol.",
   Year="1999",
   Volume="73",
   Number="8",
   Pages="6882--6891",
   Month="Aug"
}

% 3783814 
@Article{pmid3783814,
   Author="Chen, K. C.  and Shull, B. C.  and Moses, E. A.  and Lederman, M.  and Stout, E. R.  and Bates, R. C. ",
   Title="{{C}omplete nucleotide sequence and genome organization of bovine parvovirus}",
   Journal="J. Virol.",
   Year="1986",
   Volume="60",
   Number="3",
   Pages="1085--1097",
   Month="Dec"
}

% 12441065 
@Article{pmid12441065,
   Author="Schwartz, D.  and Green, B.  and Carmichael, L. E.  and Parrish, C. R. ",
   Title="{{T}he canine minute virus (minute virus of canines) is a distinct parvovirus that is most similar to bovine parvovirus}",
   Journal="Virology",
   Year="2002",
   Volume="302",
   Number="2",
   Pages="219--223",
   Month="Oct"
}

% 6319731 
@Article{pmid6319731,
   Author="Lederman, M.  and Patton, J. T.  and Stout, E. R.  and Bates, R. C. ",
   Title="{{V}irally coded noncapsid protein associated with bovine parvovirus infection}",
   Journal="J. Virol.",
   Year="1984",
   Volume="49",
   Number="2",
   Pages="315--318",
   Month="Feb"
}
